@inproceedings{aarestad2020,
    author      = {Reid, Tyler G.R. and Chan, Bryan and Goel, Ashish and Gunning, Kazuma and Manning, Brian and Martin, Jerami and Neish, Andrew and Perkins, Adrien and Tarantino, Paul},
    booktitle   = {2020 IEEE/ION Position, Location and Navigation Symposium (PLANS)},
    title       = {Satellite Navigation for the Age of Autonomy},
    year        = {2020},
    volume      = {},
    number      = {},
    pages       = {342-352},
    doi         = {10.1109/PLANS46316.2020.9109938}
}
