@book{ahmed2002,
    title       = {Introduction to GPS: the global positioning system},
    author      = {El-Rabbany, Ahmed},
    year        = {2002},
    publisher   = {Artech house}
}