@inproceedings{al-dujaili2012,
    author      = {Al-Dujaili, Abdullah and Deragisch, Florian and Hagiescu, Andrei and Wong, Weng-Fai},
    booktitle   = {2012 International Conference on Field-Programmable Technology},
    title       = {Guppy: A GPU-like soft-core processor},
    year        = {2012},
    volume      = {},
    number      = {},
    pages       = {57-60},
    doi         = {10.1109/FPT.2012.6412112}
}
