@manual{am2150-p,
    title        = {Datasheet NanoCom AM2150P - AM2150PS},
    author       = {GomSpace},
    organization = {GomSpace},
    address      = {Langagervej 6, DK-9220 Aalborg East, Denmark},
    month        = {August},
    year         = {2022}
}