@inproceedings{anantachaisilp2020,
    author    = {Anantachaisilp, Parinya and Muangkham, Marut and Punpigul, Nuttawat and Thammawichai, Mason},
    title     = {Store and forward CubeSat using LoRa technology and private LoRaWAN-Server},
    booktitle = {34th Annual Small Satellite Conference},
    year      = 2020,
    pages     = {1--15},
    address   = {Utah State University, Logan, UT}
}