@inproceedings{andersson2020,
    author      = {J. Andersson},
    booktitle   = {2020 50th Annual IEEE/IFIP International Conference on Dependable Systems and Networks Workshops (DSN-W)},
    title       = {Development of a NOEL-V RISC-V SoC Targeting Space Applications},
    year        = {2020},
    volume      = {},
    issn        = {},
    pages       = {66-67},
    keywords    = {computer architecture;microprocessors;aerospace electronics;software;europe;industries;standards},
    doi         = {10.1109/DSN-W50199.2020.00020},
    url         = {https://doi.ieeecomputersociety.org/10.1109/DSN-W50199.2020.00020},
    publisher   = {IEEE Computer Society},
    address     = {Los Alamitos, CA, USA},
    month       = {jul}
}
