@article{angrisano2012,
    author  = {Angrisano, Antonio and Petovello, Mark and Pugliano, Giovanni},
    title   = {Benefits of Combined GPS/GLONASS with Low-Cost MEMS IMUs for Vehicular Urban Navigation},
    journal = {Sensors},
    volume  = {12},
    year    = {2012},
    number  = {4},
    pages   = {5134--5158},
    url     = {https://www.mdpi.com/1424-8220/12/4/5134},
    issn    = {1424-8220},
    doi     = {10.3390/s120405134}
}
