@manual{ax2150,
    title        = {NanoCom AX2150 Datasheet},
    author       = {GomSpace},
    organization = {GomSpace},
    address      = {Langagervej 6, DK-9220 Aalborg East, Denmark},
    month        = {January},
    year         = {2023}
}