@misc{beidou,
    title         = {BeiDou Navigation Satellite System},
    howpublished  = {\url{http://en.beidou.gov.cn/}},
    note          = {Accessed: 2022/06/22}
}
