@inproceedings{botma2013,
    author      = {Botma, P J and Barnard, A and Steyn, W H},
    booktitle   = {2013 Africon}, 
    title       = {Low cost fault tolerant techniques for nano/pico-satellite applications}, 
    year        = {2013},
    volume      = {},
    number      = {},
    pages       = {1-5},
    doi         = {10.1109/AFRCON.2013.6757859}
}