@article{brunner1993,
    author      = {{Brunner}, Fritz K. and {Welsch}, Walter M.},
    title       = {{Effect of the troposphere on GPS measurements}},
    journal     = {GPS World},
    year        = 1993,
    month       = {January},
    volume      = {4},
    number      = {1},
    pages       = {42}
}