@inproceedings{camparo2012,
    author      = {Camparo, James C. and Hagerman, James O. and McClelland, Thomas A.},
    booktitle   = {2012 European Frequency and Time Forum},
    title       = {Long-term behavior of rubidium clocks in space},
    year        = {2012},
    volume      = {},
    number      = {},
    pages       = {501-508},
    doi         = {10.1109/EFTF.2012.6502433}
}