@article{cao2021,
    doi         = {10.1088/1742-6596/1883/1/012071},
    url         = {https://dx.doi.org/10.1088/1742-6596/1883/1/012071},
    year        = {2021},
    month       = {apr},
    publisher   = {IOP Publishing},
    volume      = {1883},
    number      = {1},
    pages       = {012071},
    author      = {Cong Cao and Shenghua Zhai},
    title       = {The influence of LEO satellite Doppler effect on LoRa modulation and its solution},
    journal     = {Journal of Physics: Conference Series}
}