@article{carrara2017,
     title      = {The ITASAT CubeSat Development and Design},
     volume     = {9},
     ISSN       = {2175-9146},
     url        = {https://doi.org/10.5028/jatm.v9i2.614},
     DOI        = {10.5028/jatm.v9i2.614},
     number     = {2},
     journal    = {Journal of Aerospace Technology and Management},
     publisher  = {Departamento de Ciência e Tecnologia Aeroespacial},
     author     = {Carrara, Valdemir and Januzi, Rafael Barbosa and Makita, Daniel Hideaki and Santos, Luis Felipe de Paula and Sato, Lidia Shibuya},
     year       = {2017},
     month      = {Apr},
     pages      = {147–156}
 }
