@manual{cds,
    title        = {{CubeSat Design Specification}},
    author       = {{The CubeSat Program}},
    organization = {California Polytechnic State University},
    address      = {San Luis Obispo, CA - EUA},
    edition      = {13},
    month        = {Fevereiro},
    year         = {2014},
    note         = {Dispon√≠vel em: \href{http://www.cubesat.org/}{<http://www.cubesat.org/>}}
}