@manual{ctj30,
    title           = {Triple-Junction Solar Cell for Space Applications (CTJ30)},
    organization    = {CESI S.p.A},
    year            = {2021},
    address         = {Via Rubattino, 54 I-20134, Milan, Italy},
    note            = {Available at <\url{https://www.cesi.it/app/uploads/2020/03/Datasheet-CTJ30-1.pdf}>}
}