@article{denby2019,
    author  = {Denby, Bradley and Lucia, Brandon},
    journal = {IEEE Computer Architecture Letters},
    title   = {Orbital Edge Computing: Machine Inference in Space},
    year    = {2019},
    volume  = {18},
    number  = {1},
    pages   = {59-62},
    doi     = {10.1109/LCA.2019.2907539}
}
