@article{doroshkin2019,
    author      = {Doroshkin, Alexander A. and Zadorozhny, Alexander M. and Kus, Oleg N. and Prokopyev, Vitaliy Yu. and Prokopyev, Yuri M.},
    journal     = {IEEE Access}, 
    title       = {Experimental Study of LoRa Modulation Immunity to Doppler Effect in CubeSat Radio Communications}, 
    year        = {2019},
    volume      = {7},
    number      = {},
    pages       = {75721-75731},
    doi         = {10.1109/ACCESS.2019.2919274}
}