@book{eickhoff2012,
    title       = {Onboard Computers, Onboard Software and Satellite Operations: An Introduction},
    author      = {Jens Eickhoff},
    publisher   = {Springer-Verlag Berlin Heidelberg},
    isbn        = {978-3-642-25169-6,978-3-642-25170-2},
    year        = {2012},
    series      = {Springer Aerospace Technology},
    edition     = {1},
    volume      = {}
}
