@book{el-rabbany2002,
    title       = {Introduction to GPS. The global positioning system},
    author      = {El-Rabbany A.},
    publisher   = {Artech House},
    isbn        = {1580531830; 9781580531832},
    year        = {2002},
    edition     = {1st}
}