@techreport{floripasat2,
    author      = {Space Research Laboratory (SpaceLab)},
    title       = {FloripaSat-2 Documentation},
    institution = {Universidade Federal de Santa Catarina},
    year        = {2021},
    month       = {June},
    note        = {Available at <\url{https://github.com/spacelab-ufsc/floripasat2-doc}>}
}