@misc{freeflyer,
    title           = {{FreeFlyer - Astrodynamics Software}},
    howpublished    = {\url{https://ai-solutions.com/freeflyer-astrodynamic-software/}},
    note            = {Accessed: 2023-05-20}
}