@misc{geog862,
    title           = {The Ionospheric Effect},
    author          = {Jan Van Sickle, John A. Dutton},
    howpublished    = {\url{https://www.e-education.psu.edu/geog862/node/1715}},
    year            = 2023,
    note            = {Accessed: 2023-01-17}
}