@misc{glonass,
    title         = {Application Consumer Center GLONASS},
    howpublished  = {\url{https://www.glonass-iac.ru/}},
    note          = {Accessed: 2022/06/22}
}