@misc{gmv2011,
    title         = {Precise Time Reference},
    author        = {{GMV}},
    howpublished  = {\url{https://gssc.esa.int/navipedia/index.php/Precise_Time_Reference}},
    year          = 2011,
    note          = {Accessed: 2023/05/07}
}