@manual{gps-standard,
    title        = {Globla positioning system system standard positioning service performance standard},
    author       = {Departament of defense},
    organization = {Departament of defense},
    address      = {6000 Defense Pentagon, Washington, DC - EUA},
    edition      = {4th},
    month        = {September},
    year         = {2008}
}

