@misc{gps,
    title         = {{GPS: The Global Positioning System}},
    howpublished  = {\url{https://www.gps.gov/}},
    note          = {Accessed: 2022/06/22}
}