@inbook{hauschild2017,
    author      = {Hauschild, Andr{\'e}},
    title       = {Basic Observation Equations},
    booktitle   = {Springer Handbook of Global Navigation Satellite Systems},
    year        = {2017},
    publisher   = {Springer International Publishing},
    address     = {Cham},
    pages       = {561--582}
}