@article{hein2020,
    author  = {Hein, Guenter W.},
    title   = {Status, Perspectives and trends of Satellite Navigation},
    journal = {Satellite Navigation},
    year    = 2020,
    volume  = {1},
    number  = {1}
}