@book{hofmann-wellenhof2007,
    title       = {GNSS - Global Navigation Satellite Systems: GPS, GLONASS, Galileo, and more },
    author      = {Bernhard Hofmann-Wellenhof, Herbert Lichtenegger, Elmar Wasle},
    publisher   = {Springer},
    isbn        = {3211730125; 9783211730126},
    year        = {2007}
}