@article{iannucci2022,
    author  = {Iannucci, Peter Anthony and Humphreys, Todd E.},
    journal = {IEEE Transactions on Aerospace and Electronic Systems},
    title   = {Fused Low-Earth-Orbit GNSS},
    year    = {2022},
    volume  = {},
    number  = {},
    pages   = {1-1},
    doi     = {10.1109/TAES.2022.3180000}
}