@techreport{icd2010navstar,
    title       = {Navstar GPS space segment/navigation user interfaces, interface specification},
    author      = {ARINC Engineering Services},
    year        = {2010},
    institution = {IS-GPS-200E El Segundo, CA, USA}
}