@misc{ionospheric-delay-navipedia,
    title           = {Ionospheric Delay},
    author          = {J. Sanz Subirana, J.M. Juan Zornoza and M. Hern√°ndez-Pajares},
    howpublished    = {\url{https://gssc.esa.int/navipedia/index.php/Ionospheric_Delay}},
    year            = 2011,
    note            = {Accessed: 2023-01-17}
}