@misc{irnss,
    title         = {Indian Regional Navigation Satellite System (IRNSS): NavIC},
    howpublished  = {\url{https://www.isro.gov.in/irnss-programme}},
    note          = {Accessed: 2022/06/22}
}
