@inproceedings{jeanmaire1999,
    title       = {Rubidium atomic clock for Galileo},
    author      = {Jeanmaire, A and Rochat, P and Emma, F},
    booktitle   = {Proceedings of the 31th annual precise time and time interval systems and applications meeting},
    pages       = {627--636},
    year        = {1999}
}