@book{larson2005,
    title =     {Space Mission Analysis and Design},
    author =    {Wiley J. Larson, James R. Wertz},
    publisher = {Microcosm},
    isbn =      {1881883108},
    year =      {2005},
    series =    {Space Technology Library},
    edition =   {3rd},
    volume =    {}
}
