@article{leppinen2017,
    author  = {Leppinen, Hannu},
    journal = {IEEE Aerospace and Electronic Systems Magazine},
    title   = {Current use of linux in spacecraft flight software},
    year    = {2017},
    volume  = {32},
    number  = {10},
    pages   = {4-13},
    doi     = {10.1109/MAES.2017.160182}
}
