@misc{lora,
    title           = {{What are LoRa and LoRaWAN}},
    howpublished    = {\url{https://lora-developers.semtech.com/documentation/tech-papers-and-guides/lora-and-lorawan/}},
    note            = {Accessed: 2023/05/10}
}