@inproceedings{mancini2004,
    author    = {Mancini, Olie},
    title     = {Tutorial Precision Frequency Generation Utilizing OCXO and Rubidium Atomic Standards with Applications for Commercial, Space, Military, and Challenging Environments},
    booktitle = {IEEE Long Island Chapter},
    year      = 2004
}