@masterthesis{marcelino2018,
    author  = {Marcelino, Gabriel M.},
    title   = {Desenvolvimento e implementação de um algoritmo para extração de centroides em star trackers para cubesats utilizando {FPGAs}},
    school  = {Universidade Federal de Santa Catarina},
    year    = {2018},
    month   = {Dezember},
    address = {Florianópolis, Brazil}
}
