@techreport{marcelino2016,
    author      = {Marcelino, Gabriel M.},
    title       = {Sistema de Monitoramento de Trânsito Para Utilização em Veículos Aéreos Não Tripulados},
    institution = {Universidade Federal de Santa Catarina},
    year        = {2016},
    month       = {April}
}
