@manual{nanosatseu,
	title           = {Nanosatellite launches},
	organization    = {Nanosats Database},
	year            = {2022},
	url             = {https://www.nanosats.eu/#figures}
}