@misc{phi-sat-1,
    title         = {PhiSat-1 Nanosatellite Mission},
    howpublished  = {\url{https://directory.eoportal.org/web/eoportal/satellite-missions/p/phisat-1}},
    note          = {Accessed: 2021/06/14}
}
