@inproceedings{polischuk2002,
    author      = {Polischuk, G.M. and Kozlov, V.I. and Ilitchov, V.V. and Kozlov, A.G. and Bartenev, V.A. and Kossenko, V.E. and Anphimov, N.A. and Revnivykh, S.G. and Pisarev, S.B. and Tyulyakov, A.E. and Shebshaevitch, B.V. and Basevitch, A.B. and Vorokhovsky, Y.L. and Shebshaevitch, B. V. and Basevitch, A. B. and Vorokhovsky, Y. L.},
    booktitle   = {Proceedings of the 34th Annual Precise Time and Time Interval Systems and Applications Meeting},
    title       = {The Global Navigation Satellite System Glonass: Development and Usage in the 21st Century},
    year        = {2002},
    pages       = {151-160},
    address     = {Reston, Virginia, USA},
    month       = {December}
}