@book{pratap-misra2006,
    title       = {Global Positioning System: Signals, Measurements, and Performance},
    author      = {Pratap Misra, Per Enge},
    publisher   = {Ganga-Jamuna Press},
    isbn        = {0970954417; 9780970954411},
    year        = {2006},
    edition     = {2nd}
}