@misc{qzss,
    title         = {Quasi-Zenith Satellite System (QZSS)},
    howpublished  = {\url{http://qzss.go.jp/}},
    note          = {Accessed: 2022/06/22}
}
