@article{rao2008,
    author      = {G Sasi Bhushana Rao},
    title       = {Ionospheric Delay Estimation for Improving the Global Positioning System Position Accuracy},
    journal     = {IETE Journal of Research},
    volume      = {54},
    number      = {1},
    pages       = {23-29},
    year        = {2008},
    publisher   = {Taylor & Francis},
    doi         = {10.1080/03772063.2008.10876178},
    URL         = {https://doi.org/10.1080/03772063.2008.10876178},
}