@inproceedings{reid2023,
    title       = {Localization \& Mapping Requirements for Level 2\symbol{002B} Autonomous Vehicles},
    author      = {Tyler G.R. Reid and Andrew Neish and Brian Manning},
    booktitle   = {Proceedings of the 2023 International Technical Meeting of The Institute of Navigation},
    pages       = {107-123},
    year        = {2023}
}