@misc{sa45s,
    title         = {Chip Scale Atomic Clock CSAC-SA45S},
    howpublished  = {\url{https://www.microchip.com/en-us/product/CSAC-SA45S}},
    note          = {Accessed: 2022/06/23}
}
