@book{saxena2020,
    title       = {Rubidium Atomic Clock: The Workhorse of Satellite Navigation},
    author      = {G. M. Saxena, Bikash Ghosal},
    publisher   = {WSPC},
    isbn        = {9813279486; 9789813279483},
    year        = {2020}
}