@techreport{spacelab2022,
    title       = {{GOLDS-UFSC} Design and Mission Overview},
    author      = {Gabriel Mariano Marcelino and André Martins Pio de Mattos and Yan Castro de Azeredo and Laio Oriel Seman and Brenda Fernandes Ribeiro and Edemar Morsch Filho and Caique Sales de Miranda Gomes and Vitória Beatriz Bianchin},
    institution = {SpaceLab, Universidade Federal de Santa Catarina},
    address     = {Florianópolis - Brazil},
    number      = {Rev. C},
    year        = 2022,
    month       = {November}
}