@misc{stk,
    title           = {{Ansys STK - Software for Digital Mission Engineering and Systems Analysis}},
    howpublished    = {\url{https://www.ansys.com/products/missions/ansys-stk}},
    note            = {Accessed: 2023-05-20}
}