@techreport{tanner2013,
    title       = {Quantime-A miniature cesium atomic clock using CPT technique for telecom application},
    author      = {Tanner, Steve Tanner and Stojanovic, Marko and Zhao, Yazhou and Farine, Pierre-Andr{\'e} and Jacq, Caroline and Farine, Ga{\"e}l Andr{\'e} L{\'e}on and Maeder, Thomas and Ryser, Peter and Affolderbach, Christoph and Gruet, Florian and others},
    institution = {EPFL, UniNE and CSEM},
    year        = {2013}
}