@article{thombre2015,
    author  = {Thombre, Sarang and Bhuiyan, Mohammad Zahidul H. and SÃ¶derholm, Stefan and Kirkko-Jaakkola, Martti and Ruotsalainen, Laura and Kuusniemi, Heidi},
    year    = {2015},
    month   = {10},
    pages   = {},
    title   = {A Software Multi-GNSS Receiver Implementation for the Indian Regional Navigation Satellite System},
    journal = {IETE Journal of Research},
    doi     = {10.1080/03772063.2015.1093968}
}
