@phdthesis{waterman2016,
    author  = {Andrew Shell Waterman},
    title   = {Design of the RISC-V Instruction Set Architecture},
    school  = {University of California, Berkeley},
    year    = {2016}
}
