@misc{xona-space,
    title         = {Xona Space Systems},
    howpublished  = {\url{https://www.xonaspace.com/}},
    note          = {Accessed: 2022/06/22}
}
