@article{zadorozhny2022,
    author      = {Zadorozhny, Alexander M. and Doroshkin, Alexander A. and Gorev, Vasily N. and Melkov, Alexander V. and Mitrokhin, Anton A. and Prokopyev, Vitaliy Yu. and Prokopyev, Yuri M.},
    journal     = {IEEE Access}, 
    title       = {First Flight-Testing of LoRa Modulation in Satellite Radio Communications in Low-Earth Orbit}, 
    year        = {2022},
    volume      = {10},
    number      = {},
    pages       = {100006-100023},
    doi         = {10.1109/ACCESS.2022.3207762}
}